
@thesis{intro1,
  author = {López Garzón, Catalina and Rozo Barrera, Fabio},
  title = {Narrativa transmedia para ayudar a los adultos mayores a adquirir habilidades tecnológicas},
  type = {Bachelor's thesis},
  year = {2023},
}

@online{intro5,
	author       = {{Instituto Nacional de Estadística}},
	title        = {Población que usa Internet (en los últimos tres meses). Tipo de actividades realizadas por Internet},
	year         = {2023},
	url          = {https://www.ine.es/ss/Satellite?L=es_ES&c=INESeccion_C&cid=1259925528782&p=1254735110672&pagename=ProductosYServicios%2FPYSLayout},
	urldate      = {2024-07-15},
}

@article{juegosSerios2,
  author       = {Regalón, José Antonio Leyva and Céspedes, Irisleydis Mayol},
  title        = {Los juegos serios en el entrenamiento y la rehabilitación cognitiva},
  journaltitle = {Revista Cubana de Informática Médica},
  volume       = {11},
  number       = {2},
  pages        = {140-157},
  year         = {2019},
}





